@manual{armreference,
  title        = {ARM Architecture Reference Manual},
  author       = {}, 
  organization = {ARM Ltd},
  year         = 2005
}

@manual{arm11manual,
  title        = {ARM1176JZF-S Technical Reference Manual},
  author       = {}, 
  organization = {ARM Ltd},
  address      = {},
  year         = 2009
}

@misc{armslides,
  author       = {Davey, Ian and Oliveri, Payton}, 
  title        = {The ARM11 Architecture},
  howpublished = {\url{https://www.cs.virginia.edu/~skadron/cs433_s09_processors/arm11.pdf}},
  year         = 2009
}

@misc{armwiki,
author = {},
title = {ARM architecture - Wikipedia},
howpublished = {\url{https://en.wikipedia.org/wiki/ARM_architecture}},
month = {},
year = {},
note = {(Accessed on 12/05/2017)}
}

@techreport{univacarch,
  author       = {Borgerson, B. R. and Godfrey, M. D. and Hagerty, P. E. and Rykken, T. R.}, 
  title        = {The Architecture of the Sperry Univac 1100 Series Systems},
  institution  = {Sperry Univac},
  year         = 1979,
  address      = {Blue Bell, PA}
}

@misc{univacwiki,
author = {John Walker},
title = {UNIVAC 1100/2200 series - Wikipedia},
howpublished = {\url{https://en.wikipedia.org/wiki/UNIVAC_1100/2200_series}},
month = {August},
year = {1996},
note = {(Accessed on 12/05/2017)}
}

@misc{univacprice,
author = {},
title = {Typical UNIVAC 1108 Prices: 1968},
howpublished = {\url{https://www.fourmilab.ch/documents/univac/config1108.html}},
month = {},
year = {},
note = {(Accessed on 12/05/2017)}
}

@manual{univacio,
  title        = {UNIVAC 1107 Input-Output Instructions},
  author       = {}, 
  organization = {Sperry Rand Corporation},
  month        = December,
  year         = 1961
}

@manual{univactape,
  title        = {UNIVAC 1107 UNIVSERVO IIA Magnetic Tape Subsystem},
  author       = {}, 
  organization = {Sperry Rand Corporation},
  month        = January,
  year         = 1962
}

@manual{univacpunchcard,
  title        = {UNIVAC 1107 Punched-Card Subsystem},
  author       = {}, 
  organization = {Sperry Rand Corporation},
  month        = March,
  year         = 1962
}

@manual{univacthinfilm,
  title        = {UNIVAC 1107 Thin-Film Memory Computer},
  author       = {}, 
  organization = {Sperry Rand Corporation},
  year         = 1961
}

@manual{univacexec,
  title        = {Exec I UNIVAC 1107 Executive System},
  author       = {}, 
  organization = {Sperry Rand Corporation},
}

@manual{univaccentralcomp,
  title        = {UNIVAC 1107 Central Computer},
  author       = {}, 
  organization = {Sperry Rand Corporation},
  month        = November,
  year         = 1961
}

@manual{univacflyinghead,
  title        = {UNIVAC 1107 Flying Head-880 Magnetic Drum Subsystem},
  author       = {}, 
  organization = {Sperry Rand Corporation},
  month        = December,
  year         = 1961
}

@misc{univacinstructions,
author = {},
title = {UNIVAC 1100 Series Instruction Set},
howpublished = {\url{https://www.fourmilab.ch/documents/univac/instructions.html}},
month = {},
year = {},
note = {(Accessed on 12/06/2017)}
}

@misc{compilers,
author = {},
title = {History of compiler construction - Wikipedia},
howpublished = {\url{https://en.wikipedia.org/wiki/History_of_compiler_construction#cite_note-wikles1968-1}},
month = {},
year = {},
note = {(Accessed on 12/06/2017)}
}

@misc{armpipeline,
author = {},
title = {LS Pipeline},
howpublished = {\url{http://infocenter.arm.com/help/index.jsp?topic=/com.arm.doc.ddi0360f/ch16s04s03.html}},
month = {},
year = {},
note = {(Accessed on 12/06/2017)}
}

@techreport{arm11micro,
  author       = {Cormie, David}, 
  title        = {The ARM11 Microarchitecture},
  institution  = {ARM Ltd},
  year         = 2002,
  month        = April
}

@misc{virtualmemory,
author = {},
title = {Virtual memory - Wikipedia},
howpublished = {\url{https://en.wikipedia.org/wiki/Virtual_memory}},
month = {},
year = {},
note = {(Accessed on 12/06/2017)}
}

@article{transistorprice,
author = {Courtland, Rachel},
title = {How Much Did Early Transistors Cost?},
howpublished = {\url{https://spectrum.ieee.org/tech-talk/semiconductors/devices/how-much-did-early-transistors-cost}},
month = {April},
year = {2015},
note = {(Accessed on 12/06/2017)}
}
